
@book{Johnson,
title = {Process Control Instrumentation Technology},
author = {Curtis D. Johnson},
isbn = {978-1-292-02601-5},
year = {2014},
publisher = {Pearson Education Limited}
}

@misc{LM741,
    Title = {LM741 Operational Amplifier datasheet (Rev. D)},
    howpublished = {\url{https://www.ti.com/lit/ds/symlink/lm741.pdf}},
    year = {2022},
    Publisher = {Texas instruments},
note = {Accessed: 2024-03-04}
}

@book{Chen2014,
  title={Linear System Theory and Design},
  author={Chen, Chi-Tsong},
  isbn={9780199964543},
  year={2014},
  publisher={Oxford University Press, Incorporated}
}

@article{AnalogMotorlabbOppgaver,
    author = "Emil Johnsen, Simon Andreas Hagen Hoff",
    title = "Analog motorlab, del 2",
    journal = "Blackboard",
    year = 2023
}

@misc{EksempelData,
    author = {Emil Johnsen, Sindre Moldsvor, Simon Andreas Hagen Hoff},
    title = {Eksempeldata Analog motorlab},
    howpublished= {\url{ntnu.blackboard.com}}
}

@article{Zenerdiode,
    author = "Ã˜yvind Stavdahl",
    title = "Aktive kretser for analog signaltilpasning, del 1-2",
    journal = "Blackboard",
    year = 2021
}